{
    "orderCountList": [
        442,
        378,
        411,
        371,
        396,
        426,
        455,
        530,
        482,
        562,
        508,
        533,
        452,
        552,
        532,
        491,
        448,
        442,
        490,
        474,
        500,
        495,
        502,
        508,
        474,
        487,
        428,
        449,
        449,
        409,
        407,
        402,
        411,
        414,
        407,
        411,
        366,
        351,
        389,
        407,
        403,
        415,
        394,
        367,
        359,
        369,
        428,
        390,
        419,
        324,
        303,
        344,
        280,
        283,
        355,
        380,
        362,
        402,
        337,
        463,
        493,
        470,
        477,
        516,
        494,
        338,
        379,
        412,
        392,
        376,
        399,
        392,
        390,
        336,
        370,
        321,
        344,
        257,
        284,
        192,
        218,
        219,
        189,
        157,
        131,
        98,
        59,
        16,
        0,
        145
    ],
    "orderAmountList": [
        665605.44,
        635293.21,
        589499.39,
        598272.28,
        681311.7,
        615574.53,
        704456.13,
        787021.57,
        815466.05,
        842810.14,
        722319.24,
        854637.68,
        694155.02,
        827207.92,
        812693.53,
        814304.88,
        763287.7,
        739842.02,
        752970.35,
        713081.95,
        797922.75,
        730504.27,
        840239.88,
        742949.43,
        751973.15,
        819449.95,
        717266.08,
        688890.43,
        706542.45,
        596260.77,
        535766.43,
        585070.33,
        655878.67,
        559703.45,
        645381.81,
        622124.1,
        503550.38,
        551323.85,
        491288.31,
        597299.89,
        582289.29,
        630808.23,
        494981.82,
        524298.03,
        492800.65,
        472327.98,
        643153.07,
        481956.35,
        480677.81,
        387946.46,
        364064.08,
        387784.15,
        419277.05,
        358263.1,
        439695.33,
        541105.2,
        489054.06,
        524291.5,
        567397.06,
        709196.06,
        638707.51,
        640390.88,
        591592.51,
        589013.91,
        638104.16,
        428206.01,
        583084.43,
        565250.47,
        564686.35,
        481142.95,
        602389.38,
        505188.16,
        603394.93,
        411904.64,
        437581.88,
        432548.81,
        483868.38,
        328250.27,
        324406.8,
        230318.83,
        280922.32,
        333385.89,
        244845.69,
        219033.67,
        138004.59,
        132754.42,
        83071,
        7411.1,
        3443,
        236398.88
    ],
    "saleCountList": [
        193,
        189,
        173,
        168,
        163,
        179,
        179,
        177,
        190,
        201,
        171,
        216,
        219,
        223,
        207,
        207,
        225,
        196,
        201,
        210,
        223,
        202,
        251,
        233,
        174,
        199,
        213,
        222,
        224,
        224,
        228,
        194,
        180,
        201,
        228,
        175,
        195,
        198,
        187,
        190,
        197,
        206,
        206,
        203,
        205,
        174,
        187,
        198,
        215,
        182,
        168,
        183,
        172,
        175,
        146,
        171,
        170,
        172,
        223,
        193,
        188,
        202,
        195,
        186,
        208,
        217,
        190,
        216,
        223,
        202,
        250,
        222,
        231,
        186,
        205,
        223,
        210,
        172,
        177,
        206,
        175,
        183,
        166,
        158,
        153,
        156,
        137,
        140,
        141,
        62
    ],
    "saleAmountList": [
        516962.18,
        505133.74,
        468261.6,
        441989.7,
        423640.11,
        465921.96,
        467436.49,
        468819.91,
        489390.4,
        518702.85,
        426347.86,
        533235.4,
        539342.8,
        536147.56,
        483397.09,
        510215.24,
        555517.88,
        491007.33,
        483779.82,
        492362.4,
        537764.87,
        499299.31,
        617492.02,
        579437.37,
        425415.71,
        451153.17,
        533558.65,
        524463.13,
        533445.09,
        509322.49,
        514120.67,
        438993.64,
        398219.63,
        468538.48,
        530461.64,
        388021.45,
        435867.2,
        480550,
        437939.16,
        427351.92,
        450498.02,
        487311.11,
        460919.14,
        470985.49,
        453164.5,
        417683.36,
        438366.71,
        456271.25,
        494244.71,
        414513.75,
        383999.98,
        412800.37,
        413628.45,
        410001.25,
        340595.19,
        399956.02,
        398602.67,
        406940.08,
        537651.33,
        458170.18,
        433805.67,
        500785.88,
        454866.43,
        415690.76,
        511754.72,
        514873.21,
        445812.67,
        492854.42,
        509512.89,
        464317.63,
        576430.32,
        510101.64,
        545814.83,
        460308.23,
        470703.41,
        561619.93,
        505599.97,
        412824.55,
        435229.23,
        492597.01,
        441887.37,
        424970.78,
        384747.47,
        371712.25,
        373813.68,
        451787.64,
        358562.85,
        369806.5,
        366510.7,
        98652.88
    ],
    "wb_realization_compare": 10,
    "roi_compare": 30,
    "orderCount": 34282,
    "orderAmount": 81995557.59,
    "saleCount": 16733,
    "saleAmount": 40021925.94,
    "orderCountCompare": "-21%",
    "orderAmountCompare": -21,
    "saleCountCompare": "-13%",
    "saleAmountCompare": -13,
    "buyoutPercent": 47.6,
    "buyoutPercentCompare": "-3%",
    "costPriceAmount": 238311,
    "costPriceAmountCompare": "-4%",
    "costPriceCount": 16733,
    "returnCount": 621,
    "returnCountCompare": "-26%",
    "returnAmount": 1605011.06,
    "returnAmountCompare": -25,
    "turnover_compare": 12,
    "averageBill": 2391,
    "averageBillCompare": "0%",
    "penalty": 17581,
    "additional": 0,
    "lost_sales_amount_compare": 11,
    "commissionWB": 11260173.1,
    "commissionWBCompare": "2%",
    "logistics": 4527545.52,
    "logisticsCompare": "-18%",
    "proceeds": 40021925.94,
    "proceedsCompare": "-13%",
    "marginalProfit": 39783614.94,
    "marginalProfitCompare": "-13%",
    "lostSalesCount": 10,
    "lostSalesAmount": 5744.88,
    "grossProfit": 45000000.00,
    "grossProfitCompare": "+8%",
    "operatingProfit": 25000000.00,
    "operatingProfitCompare": "+12%",
    "netProfit": 21000000.00,
    "netProfitCompare": 15,
    "averageProfit": 196015.72,
    "averageProfitCompare": "0%",
    "tax": 1141259.11,
    "taxCompare": "+5%",
    "fbs": {
        "count": 0,
        "retail_amount": 0,
        "cost_amount": 0
    },
    "fbo": {
        "count": 13041,
        "retail_amount": 71945296,
        "cost_amount": 53618
    },
    "toClient": {
        "count": 1719,
        "retail_amount": 8273459,
        "cost_amount": 8448
    },
    "fromClient": {
        "count": 967,
        "retail_amount": 5008833,
        "cost_amount": 5240
    },
    "advertAmount": 2706817,
    "advertAmountCompare": "-8%",
    "advertPercent": 6.8,
    "advertPercentCompare": "6%",
    "commissionWBPercent": 28.1,
    "commissionWBPercentCompare": "17%",
    "logisticsPercent": 11.3,
    "logisticsPercentCompare": "-6%",
    "roi": 92.54,
    "grossProfitAbility": 16693.99,
    "operatingProfitAbility": 52.24,
    "ABCAnalysis": {
        "amountA": 31960722.75,
        "countA": 13241,
        "amountPercentA": 79.86,
        "countPercentA": 79.13,
        "amountB": 6048995.85,
        "countB": 2625,
        "amountPercentB": 15.11,
        "countPercentB": 15.69,
        "amountC": 2012207.34,
        "countC": 867,
        "amountPercentC": 5.03,
        "countPercentC": 5.18
    },
    "storageData": 312326.4751988733,
    "storageDataCompare": "-12%",
    "self_buy": 0,
    "incorrect_attachments": 0,
    "goods_labeling": 0,
    "characteristics_change": 0,
    "acceptance": 0,
    "marginalityRoiChart": [
        {
            "date": "2025-07-02",
            "roi": 115.03,
            "marginality": 54.31
        },
        {
            "date": "2025-07-03",
            "roi": 112.14,
            "marginality": 54.01
        },
        {
            "date": "2025-07-04",
            "roi": 112.3,
            "marginality": 53.59
        },
        {
            "date": "2025-07-05",
            "roi": 104.56,
            "marginality": 50.44
        },
        {
            "date": "2025-07-06",
            "roi": 108.39,
            "marginality": 49.97
        },
        {
            "date": "2025-07-07",
            "roi": 103.63,
            "marginality": 42.95
        },
        {
            "date": "2025-07-08",
            "roi": 108.59,
            "marginality": 53.02
        },
        {
            "date": "2025-07-09",
            "roi": 113.24,
            "marginality": 53.9
        },
        {
            "date": "2025-07-10",
            "roi": 102.46,
            "marginality": 51.98
        },
        {
            "date": "2025-07-11",
            "roi": 98.69,
            "marginality": 49.1
        },
        {
            "date": "2025-07-12",
            "roi": 100.96,
            "marginality": 52.73
        },
        {
            "date": "2025-07-13",
            "roi": 100,
            "marginality": 54
        },
        {
            "date": "2025-07-14",
            "roi": 112.37,
            "marginality": 53.95
        },
        {
            "date": "2025-07-15",
            "roi": 108.86,
            "marginality": 53.77
        },
        {
            "date": "2025-07-16",
            "roi": 103.4,
            "marginality": 51.93
        },
        {
            "date": "2025-07-17",
            "roi": 107.4,
            "marginality": 52.86
        },
        {
            "date": "2025-07-18",
            "roi": 109.24,
            "marginality": 52.84
        },
        {
            "date": "2025-07-19",
            "roi": 107.21,
            "marginality": 52.46
        },
        {
            "date": "2025-07-20",
            "roi": 106,
            "marginality": 40
        },
        {
            "date": "2025-07-21",
            "roi": 102.43,
            "marginality": 43.31
        },
        {
            "date": "2025-07-22",
            "roi": 105.55,
            "marginality": 52.21
        },
        {
            "date": "2025-07-23",
            "roi": 107.51,
            "marginality": 52.83
        },
        {
            "date": "2025-07-24",
            "roi": 116.05,
            "marginality": 53.74
        },
        {
            "date": "2025-07-25",
            "roi": 113.08,
            "marginality": 53.3
        },
        {
            "date": "2025-07-26",
            "roi": 107.99,
            "marginality": 53.03
        },
        {
            "date": "2025-07-27",
            "roi": 78.35,
            "marginality": 45
        },
        {
            "date": "2025-07-28",
            "roi": 108.32,
            "marginality": 53.1
        },
        {
            "date": "2025-07-29",
            "roi": 107.88,
            "marginality": 52.72
        },
        {
            "date": "2025-07-30",
            "roi": 113.95,
            "marginality": 53.83
        },
        {
            "date": "2025-07-31",
            "roi": 105.01,
            "marginality": 59.03
        },
        {
            "date": "2025-08-01",
            "roi": 112.17,
            "marginality": 53.21
        },
        {
            "date": "2025-08-02",
            "roi": 104.54,
            "marginality": 52.22
        },
        {
            "date": "2025-08-03",
            "roi": 77.94,
            "marginality": 38.36
        },
        {
            "date": "2025-08-04",
            "roi": 70.01,
            "marginality": 33.51
        },
        {
            "date": "2025-08-05",
            "roi": 112.92,
            "marginality": 53.89
        },
        {
            "date": "2025-08-06",
            "roi": 93.07,
            "marginality": 51.36
        },
        {
            "date": "2025-08-07",
            "roi": 97.47,
            "marginality": 52.32
        },
        {
            "date": "2025-08-08",
            "roi": 107.24,
            "marginality": 53.01
        },
        {
            "date": "2025-08-09",
            "roi": 111.62,
            "marginality": 54.69
        },
        {
            "date": "2025-08-10",
            "roi": 105.71,
            "marginality": 51
        },
        {
            "date": "2025-08-11",
            "roi": 71.55,
            "marginality": 35.81
        },
        {
            "date": "2025-08-12",
            "roi": 107.69,
            "marginality": 53.95
        },
        {
            "date": "2025-08-13",
            "roi": 109.9,
            "marginality": 54.13
        },
        {
            "date": "2025-08-14",
            "roi": 108.34,
            "marginality": 53.21
        },
        {
            "date": "2025-08-15",
            "roi": 100.6,
            "marginality": 52.18
        },
        {
            "date": "2025-08-16",
            "roi": 106.35,
            "marginality": 53.51
        },
        {
            "date": "2025-08-17",
            "roi": 96,
            "marginality": 59
        },
        {
            "date": "2025-08-18",
            "roi": 97.19,
            "marginality": 60
        },
        {
            "date": "2025-08-19",
            "roi": 116.48,
            "marginality": 54.71
        },
        {
            "date": "2025-08-20",
            "roi": 108.44,
            "marginality": 53.29
        },
        {
            "date": "2025-08-21",
            "roi": 107.96,
            "marginality": 53.94
        },
        {
            "date": "2025-08-22",
            "roi": 96.03,
            "marginality": 50.56
        },
        {
            "date": "2025-08-23",
            "roi": 116.85,
            "marginality": 55.39
        },
        {
            "date": "2025-08-24",
            "roi": 80.14,
            "marginality": 40
        },
        {
            "date": "2025-08-25",
            "roi": 78,
            "marginality": 35
        },
        {
            "date": "2025-08-26",
            "roi": 88.42,
            "marginality": 54.84
        },
        {
            "date": "2025-08-27",
            "roi": 107.12,
            "marginality": 54.49
        },
        {
            "date": "2025-08-28",
            "roi": 100.14,
            "marginality": 51.77
        },
        {
            "date": "2025-08-29",
            "roi": 127.51,
            "marginality": 56.14
        },
        {
            "date": "2025-08-30",
            "roi": 121.73,
            "marginality": 55.54
        },
        {
            "date": "2025-08-31",
            "roi": 99.34,
            "marginality": 45
        },
        {
            "date": "2025-09-01",
            "roi": 76.77,
            "marginality": 35.32
        },
        {
            "date": "2025-09-02",
            "roi": 115.43,
            "marginality": 56.56
        },
        {
            "date": "2025-09-03",
            "roi": 100.69,
            "marginality": 50.35
        },
        {
            "date": "2025-09-04",
            "roi": 124.52,
            "marginality": 56.44
        },
        {
            "date": "2025-09-05",
            "roi": 124.27,
            "marginality": 56.76
        },
        {
            "date": "2025-09-06",
            "roi": 112.35,
            "marginality": 55.27
        },
        {
            "date": "2025-09-07",
            "roi": 88.83,
            "marginality": 40.38
        },
        {
            "date": "2025-09-08",
            "roi": 74.6,
            "marginality": 35.53
        },
        {
            "date": "2025-09-09",
            "roi": 107.1,
            "marginality": 51.39
        },
        {
            "date": "2025-09-10",
            "roi": 120.59,
            "marginality": 56.12
        },
        {
            "date": "2025-09-11",
            "roi": 118.5,
            "marginality": 55.66
        },
        {
            "date": "2025-09-12",
            "roi": 126.02,
            "marginality": 55.67
        },
        {
            "date": "2025-09-13",
            "roi": 121.11,
            "marginality": 55.43
        },
        {
            "date": "2025-09-14",
            "roi": 59.84,
            "marginality": 39
        },
        {
            "date": "2025-09-15",
            "roi": 127.99,
            "marginality": 55.43
        },
        {
            "date": "2025-09-16",
            "roi": 143.34,
            "marginality": 56.05
        },
        {
            "date": "2025-09-17",
            "roi": 135.61,
            "marginality": 54.79
        },
        {
            "date": "2025-09-18",
            "roi": 139.5,
            "marginality": 55.42
        },
        {
            "date": "2025-09-19",
            "roi": 146.06,
            "marginality": 56.43
        },
        {
            "date": "2025-09-20",
            "roi": 147.93,
            "marginality": 56.49
        },
        {
            "date": "2025-09-21",
            "roi": 50.63,
            "marginality": 29.99
        },
        {
            "date": "2025-09-22",
            "roi": 74.13,
            "marginality": 29.79
        },
        {
            "date": "2025-09-23",
            "roi": 148.52,
            "marginality": 56.85
        },
        {
            "date": "2025-09-24",
            "roi": 139.52,
            "marginality": 55.16
        },
        {
            "date": "2025-09-25",
            "roi": 142.88,
            "marginality": 56.23
        },
        {
            "date": "2025-09-26",
            "roi": 139.93,
            "marginality": 55.47
        },
        {
            "date": "2025-09-27",
            "roi": 140.64,
            "marginality": 55.63
        },
        {
            "date": "2025-09-28",
            "roi": 59.04,
            "marginality": 30.83
        },
        {
            "date": "2025-09-29",
            "roi": 475.76,
            "marginality": 93.43
        }
    ],
    "salesAndProfit": [
        {
            "date": "2025-07-02",
            "sales": 498145.18,
            "profit": 270551.12
        },
        {
            "date": "2025-07-03",
            "sales": 484209.14,
            "profit": 261525.59
        },
        {
            "date": "2025-07-04",
            "sales": 446096.6,
            "profit": 239084.98
        },
        {
            "date": "2025-07-05",
            "sales": 423521.1,
            "profit": 213642.48
        },
        {
            "date": "2025-07-06",
            "sales": 408611.18,
            "profit": 185000.21
        },
        {
            "date": "2025-07-07",
            "sales": 447463.36,
            "profit": 192171.11
        },
        {
            "date": "2025-07-08",
            "sales": 434771.49,
            "profit": 230503.26
        },
        {
            "date": "2025-07-09",
            "sales": 454236.04,
            "profit": 244814.33
        },
        {
            "date": "2025-07-10",
            "sales": 464041.4,
            "profit": 241217.52
        },
        {
            "date": "2025-07-11",
            "sales": 495676.79,
            "profit": 243355.51
        },
        {
            "date": "2025-07-12",
            "sales": 414463.86,
            "profit": 218536.03
        },
        {
            "date": "2025-07-13",
            "sales": 512305.4,
            "profit": 245000.98
        },
        {
            "date": "2025-07-14",
            "sales": 525130.8,
            "profit": 283286.58
        },
        {
            "date": "2025-07-15",
            "sales": 514393.56,
            "profit": 276605.75
        },
        {
            "date": "2025-07-16",
            "sales": 470819.09,
            "profit": 244503.19
        },
        {
            "date": "2025-07-17",
            "sales": 499598.24,
            "profit": 264111.96
        },
        {
            "date": "2025-07-18",
            "sales": 550192.88,
            "profit": 290696.02
        },
        {
            "date": "2025-07-19",
            "sales": 476286.33,
            "profit": 249874.1
        },
        {
            "date": "2025-07-20",
            "sales": 473616.82,
            "profit": 195000.44
        },
        {
            "date": "2025-07-21",
            "sales": 474754.73,
            "profit": 205613.39
        },
        {
            "date": "2025-07-22",
            "sales": 514635.87,
            "profit": 268683.16
        },
        {
            "date": "2025-07-23",
            "sales": 487857.31,
            "profit": 257751.29
        },
        {
            "date": "2025-07-24",
            "sales": 600681.92,
            "profit": 322816.51
        },
        {
            "date": "2025-07-25",
            "sales": 560113.37,
            "profit": 298564.17
        },
        {
            "date": "2025-07-26",
            "sales": 417776.71,
            "profit": 221530.1
        },
        {
            "date": "2025-07-27",
            "sales": 433471.17,
            "profit": 225000.17
        },
        {
            "date": "2025-07-28",
            "sales": 511750.65,
            "profit": 271760.79
        },
        {
            "date": "2025-07-29",
            "sales": 500860.22,
            "profit": 264046.63
        },
        {
            "date": "2025-07-30",
            "sales": 517033.09,
            "profit": 278329.28
        },
        {
            "date": "2025-07-31",
            "sales": 475718.19,
            "profit": 100057.32
        },
        {
            "date": "2025-08-01",
            "sales": 501190.69,
            "profit": 266681.01
        },
        {
            "date": "2025-08-02",
            "sales": 430717.9,
            "profit": 224912.18
        },
        {
            "date": "2025-08-03",
            "sales": 381009.63,
            "profit": 146160.28
        },
        {
            "date": "2025-08-04",
            "sales": 454940.48,
            "profit": 152452.13
        },
        {
            "date": "2025-08-05",
            "sales": 521762.64,
            "profit": 281162.56
        },
        {
            "date": "2025-08-06",
            "sales": 378999.45,
            "profit": 194672.95
        },
        {
            "date": "2025-08-07",
            "sales": 415425.2,
            "profit": 217368.37
        },
        {
            "date": "2025-08-08",
            "sales": 460768,
            "profit": 244255.23
        },
        {
            "date": "2025-08-09",
            "sales": 412145.88,
            "profit": 225393.33
        },
        {
            "date": "2025-08-10",
            "sales": 418869.92,
            "profit": -33505.95
        },
        {
            "date": "2025-08-11",
            "sales": 439252.02,
            "profit": 157281.32
        },
        {
            "date": "2025-08-12",
            "sales": 469678.89,
            "profit": 253409.89
        },
        {
            "date": "2025-08-13",
            "sales": 433921.44,
            "profit": 234868.25
        },
        {
            "date": "2025-08-14",
            "sales": 464039.59,
            "profit": 246932.93
        },
        {
            "date": "2025-08-15",
            "sales": 444012.5,
            "profit": 231693.48
        },
        {
            "date": "2025-08-16",
            "sales": 396096.36,
            "profit": 211956.16
        },
        {
            "date": "2025-08-17",
            "sales": 426633.71,
            "profit": -22124.27
        },
        {
            "date": "2025-08-18",
            "sales": 434505.45,
            "profit": 46504.99
        },
        {
            "date": "2025-08-19",
            "sales": 473146.06,
            "profit": 258874.04
        },
        {
            "date": "2025-08-20",
            "sales": 405391.75,
            "profit": 216041.39
        },
        {
            "date": "2025-08-21",
            "sales": 366331.98,
            "profit": 197590.18
        },
        {
            "date": "2025-08-22",
            "sales": 395431.63,
            "profit": 199917.55
        },
        {
            "date": "2025-08-23",
            "sales": 396271.27,
            "profit": 219504.2
        },
        {
            "date": "2025-08-24",
            "sales": 393954.08,
            "profit": -16497.33
        },
        {
            "date": "2025-08-25",
            "sales": 323668.19,
            "profit": 69572
        },
        {
            "date": "2025-08-26",
            "sales": 385516.02,
            "profit": 211429.57
        },
        {
            "date": "2025-08-27",
            "sales": 381086.82,
            "profit": 207663.18
        },
        {
            "date": "2025-08-28",
            "sales": 401675.08,
            "profit": 207962.19
        },
        {
            "date": "2025-08-29",
            "sales": 521873.11,
            "profit": 292963.07
        },
        {
            "date": "2025-08-30",
            "sales": 449346.18,
            "profit": 249588.07
        },
        {
            "date": "2025-08-31",
            "sales": 417824.22,
            "profit": -78241.24
        },
        {
            "date": "2025-09-01",
            "sales": 487877.6,
            "profit": 172333.49
        },
        {
            "date": "2025-09-02",
            "sales": 426638.51,
            "profit": 241298.31
        },
        {
            "date": "2025-09-03",
            "sales": 399471.76,
            "profit": 201129.35
        },
        {
            "date": "2025-09-04",
            "sales": 496931.72,
            "profit": 280486.39
        },
        {
            "date": "2025-09-05",
            "sales": 505221.21,
            "profit": 286780.22
        },
        {
            "date": "2025-09-06",
            "sales": 430362.67,
            "profit": 237849.74
        },
        {
            "date": "2025-09-07",
            "sales": 456100.12,
            "profit": 19980.99
        },
        {
            "date": "2025-09-08",
            "sales": 482950.03,
            "profit": 171598.19
        },
        {
            "date": "2025-09-09",
            "sales": 459211.63,
            "profit": 235977.32
        },
        {
            "date": "2025-09-10",
            "sales": 569015.32,
            "profit": 319315.88
        },
        {
            "date": "2025-09-11",
            "sales": 484908.61,
            "profit": 269888.56
        },
        {
            "date": "2025-09-12",
            "sales": 535284.72,
            "profit": 298002.76
        },
        {
            "date": "2025-09-13",
            "sales": 440901.23,
            "profit": 244369.56
        },
        {
            "date": "2025-09-14",
            "sales": 449343.37,
            "profit": -83878.61
        },
        {
            "date": "2025-09-15",
            "sales": 529559.05,
            "profit": 293525.61
        },
        {
            "date": "2025-09-16",
            "sales": 478914.97,
            "profit": 268413.19
        },
        {
            "date": "2025-09-17",
            "sales": 395053.62,
            "profit": 216465.17
        },
        {
            "date": "2025-09-18",
            "sales": 416158.99,
            "profit": 230637.8
        },
        {
            "date": "2025-09-19",
            "sales": 480622.01,
            "profit": 271212.39
        },
        {
            "date": "2025-09-20",
            "sales": 413794.37,
            "profit": 233740.39
        },
        {
            "date": "2025-09-21",
            "sales": 394176.78,
            "profit": 78814.76
        },
        {
            "date": "2025-09-22",
            "sales": 372386.72,
            "profit": 110948.65
        },
        {
            "date": "2025-09-23",
            "sales": 346867.25,
            "profit": 197192.63
        },
        {
            "date": "2025-09-24",
            "sales": 358071.68,
            "profit": 197525.29
        },
        {
            "date": "2025-09-25",
            "sales": 378375.7,
            "profit": 212774.08
        },
        {
            "date": "2025-09-26",
            "sales": 344093.85,
            "profit": 190885.95
        },
        {
            "date": "2025-09-27",
            "sales": 356735.5,
            "profit": 198467.94
        },
        {
            "date": "2025-09-28",
            "sales": 343700.44,
            "profit": 61275.6
        },
        {
            "date": "2025-09-29",
            "sales": 105477.88,
            "profit": 98549.21
        }
    ],
    "structure": {
        "retentions": 46.99,
        "external_expenses": 0,
        "tax": 2.85,
        "profit": 44.08,
        "costPrice": 0.6
    },
    "taxInfo": {
        "wbRealization": 28517069.7,
        "taxBase": 19020985.16,
        "taxRate": 6,
        "taxType": "Считать от РС",
        "taxAmount": 1141259.11
    },
    "revenueByWarehouse": [
        {
            "name": "Невинномысск",
            "revenue": 28500000.00
        },
        {
            "name": "Рязань (Тюшевское)",
            "revenue": 18000000.00
        },
        {
            "name": "Виртуальный Брянск",
            "revenue": 8253.75
        },
        {
            "name": "Виртуальный Братск",
            "revenue": 7968.75
        },
        {
            "name": "Актобе",
            "revenue": 114610.51
        },
        {
            "name": "Белая дача",
            "revenue": 1211458.98
        },
        {
            "name": "Виртуальный Омск",
            "revenue": 8148.75
        },
        {
            "name": "Екатеринбург - Перспективный 12",
            "revenue": 5500000.00
        },
        {
            "name": "Виртуальный Кемерово",
            "revenue": 7916.25
        },
        {
            "name": "Электросталь",
            "revenue": 95000000.00
        },
        {
            "name": "Краснодар",
            "revenue": 58000000.00
        },
        {
            "name": "Казань",
            "revenue": 34000000.00
        },
        {
            "name": "Сарапул",
            "revenue": 6200000.00
        },
        {
            "name": "Чашниково",
            "revenue": 3200000.00
        },
        {
            "name": "СЦ Барнаул",
            "revenue": 286954.86
        },
        {
            "name": "Обухово",
            "revenue": 168554.58
        },
        {
            "name": "Котовск",
            "revenue": 15500000.00
        },
        {
            "name": "Волгоград",
            "revenue": 5600000.00
        },
        {
            "name": "Виртуальный Краснодар",
            "revenue": 119148.75
        },
        {
            "name": "Виртуальный Москва Вешки",
            "revenue": 8253.75
        },
        {
            "name": "Виртуальный Томск",
            "revenue": 8253.75
        },
        {
            "name": "Виртуальный Крым",
            "revenue": 11925
        },
        {
            "name": "Виртуальный Новосибирск",
            "revenue": 16402.5
        },
        {
            "name": "Астана Карагандинское шоссе",
            "revenue": 1893484.22
        },
        {
            "name": "Новосибирск",
            "revenue": 2233221.71
        },
        {
            "name": "Воронеж",
            "revenue": 890381.33
        },
        {
            "name": "Краснодар МП",
            "revenue": 153097.4
        },
        {
            "name": "Калининград",
            "revenue": 290759.19
        },
        {
            "name": "Виртуальный Уфа",
            "revenue": 3476
        },
        {
            "name": "Коледино",
            "revenue": 76965534.44
        },
        {
            "name": "Владимир",
            "revenue": 2042587.39
        },
        {
            "name": "Санкт-Петербург Уткина Заводь",
            "revenue": 5086324.75
        },
        {
            "name": "СЦ Вологда 2",
            "revenue": 16038.75
        },
        {
            "name": "Атакент",
            "revenue": 513233.99
        },
        {
            "name": "Виртуальный Москва Радумля",
            "revenue": 10188.75
        },
        {
            "name": "Подольск",
            "revenue": 404575.03
        },
        {
            "name": "Тула",
            "revenue": 87238677.11
        },
        {
            "name": "Виртуальный Калининград",
            "revenue": 15086.25
        },
        {
            "name": "Екатеринбург - Испытателей 14г",
            "revenue": 2143658.6
        },
        {
            "name": "Виртуальный Ижевск",
            "revenue": 3472
        },
        {
            "name": "Самара (Новосемейкино)",
            "revenue": 40712977.14
        },
        {
            "name": "СЦ Ереван",
            "revenue": 439162.83
        }
    ],
    "is_self_cost": true,
    "turnover": 75,
    "ebitda": 21289079.32,
    "ebitda_compare": "-19%",
    "ebitda_margin": 53.19,
    "ebitda_margin_compare": "-7%",
    "wb_realization": 28517069.7,
    "tax_amount": 1141259.11,
    "paid_acceptance": 51772.36,
    "compensation": 15037.88,
    "logistic_per_one": 270.58,
    "profit_per_one": 1250.00,
    "profit_per_one_compare": "+18%",
    "paid_acceptance_compare": "+10%",
    "penalty_compare": "-10%",
    "compensation_compare": "+0%",
    "logistic_per_one_compare": "-35%"
}